<marcxml:record xmlns:xlink="http://www.w3.org/1999/xlink" xmlns:marcxml="http://www.loc.gov/MARC21/slim" xmlns:rdf="http://www.w3.org/1999/02/22-rdf-syntax-ns#" xmlns:madsrdf="http://www.loc.gov/mads/rdf/v1#" xmlns:ri="http://id.loc.gov/ontologies/RecordInfo#" xmlns:xsi="http://www.w3.org/2001/XMLSchema-instance" xmlns:mets="http://www.loc.gov/METS/" xmlns:idx="info:lc/xq-modules/lcindex" xmlns:bfidx="info:lc/xq-modules/bfidx" xmlns:semtriples="http://marklogic.com/semantic" xmlns:bf="http://id.loc.gov/ontologies/bibframe/" xmlns:bflc="http://id.loc.gov/ontologies/bflc/" xmlns:bfsimple="http://id.loc.gov/ontologies/bfsimple/" xmlns:dcterms="http://purl.org/dc/terms/">
  <marcxml:leader>05138cam a2201093 i 4500</marcxml:leader>
  <marcxml:controlfield tag="001">22082746</marcxml:controlfield>
  <marcxml:controlfield tag="005">20211209105323.0</marcxml:controlfield>
  <marcxml:controlfield tag="007">ta</marcxml:controlfield>
  <marcxml:controlfield tag="008">210616t20202020nyu    d      000 1 eng d</marcxml:controlfield>
  <marcxml:datafield ind1=" " ind2=" " tag="906">
    <marcxml:subfield code="a">7</marcxml:subfield>
    <marcxml:subfield code="b">cbc</marcxml:subfield>
    <marcxml:subfield code="c">copycat</marcxml:subfield>
    <marcxml:subfield code="d">2</marcxml:subfield>
    <marcxml:subfield code="e">ncip</marcxml:subfield>
    <marcxml:subfield code="f">20</marcxml:subfield>
    <marcxml:subfield code="g">y-gencatlg</marcxml:subfield>
  </marcxml:datafield>
  <marcxml:datafield ind1="0" ind2=" " tag="925">
    <marcxml:subfield code="a">acquire</marcxml:subfield>
    <marcxml:subfield code="b">1 shelf copy</marcxml:subfield>
    <marcxml:subfield code="x">policy default</marcxml:subfield>
  </marcxml:datafield>
  <marcxml:datafield ind1=" " ind2=" " tag="955">
    <marcxml:subfield code="b">xn11 2021-06-16 z-processor to USPRLL</marcxml:subfield>
    <marcxml:subfield code="i">xk02 2021-12-09 to CMD (telework)</marcxml:subfield>
  </marcxml:datafield>
  <marcxml:datafield ind1=" " ind2=" " tag="010">
    <marcxml:subfield code="a">  2021285378</marcxml:subfield>
  </marcxml:datafield>
  <marcxml:datafield ind1=" " ind2=" " tag="020">
    <marcxml:subfield code="a">9780062840356</marcxml:subfield>
    <marcxml:subfield code="q">(hardcover)</marcxml:subfield>
  </marcxml:datafield>
  <marcxml:datafield ind1=" " ind2=" " tag="020">
    <marcxml:subfield code="a">0062840355</marcxml:subfield>
    <marcxml:subfield code="q">(hardcover)</marcxml:subfield>
  </marcxml:datafield>
  <marcxml:datafield ind1=" " ind2=" " tag="020">
    <marcxml:subfield code="a">9780063056718</marcxml:subfield>
    <marcxml:subfield code="q">(paperback)</marcxml:subfield>
  </marcxml:datafield>
  <marcxml:datafield ind1=" " ind2=" " tag="020">
    <marcxml:subfield code="a">0063056712</marcxml:subfield>
    <marcxml:subfield code="q">(paperback)</marcxml:subfield>
  </marcxml:datafield>
  <marcxml:datafield ind1=" " ind2=" " tag="035">
    <marcxml:subfield code="a">(OCoLC)on1191906053</marcxml:subfield>
  </marcxml:datafield>
  <marcxml:datafield ind1=" " ind2=" " tag="037">
    <marcxml:subfield code="b">Harpercollins Childrens Books, Attn Elaine Nealon 53 Glenmaura National Blvd Ste 300, Moosaic, PA, USA, 18507-2132</marcxml:subfield>
    <marcxml:subfield code="n">SAN 200-2086</marcxml:subfield>
  </marcxml:datafield>
  <marcxml:datafield ind1=" " ind2=" " tag="040">
    <marcxml:subfield code="a">IG$</marcxml:subfield>
    <marcxml:subfield code="b">eng</marcxml:subfield>
    <marcxml:subfield code="c">IG$</marcxml:subfield>
    <marcxml:subfield code="e">rda</marcxml:subfield>
    <marcxml:subfield code="d">OI6</marcxml:subfield>
    <marcxml:subfield code="d">YU6</marcxml:subfield>
    <marcxml:subfield code="d">IUK</marcxml:subfield>
    <marcxml:subfield code="d">OCLCO</marcxml:subfield>
    <marcxml:subfield code="d">YDX</marcxml:subfield>
    <marcxml:subfield code="d">BDX</marcxml:subfield>
    <marcxml:subfield code="d">HQD</marcxml:subfield>
    <marcxml:subfield code="d">JTH</marcxml:subfield>
    <marcxml:subfield code="d">CLE</marcxml:subfield>
    <marcxml:subfield code="d">MNE</marcxml:subfield>
    <marcxml:subfield code="d">NHP</marcxml:subfield>
    <marcxml:subfield code="d">OCLCF</marcxml:subfield>
    <marcxml:subfield code="d">DEERP</marcxml:subfield>
    <marcxml:subfield code="d">AUNRT</marcxml:subfield>
    <marcxml:subfield code="d">ATCDL</marcxml:subfield>
    <marcxml:subfield code="d">NZAUC</marcxml:subfield>
    <marcxml:subfield code="d">Z#6</marcxml:subfield>
    <marcxml:subfield code="d">OCLCO</marcxml:subfield>
    <marcxml:subfield code="d">AUPTL</marcxml:subfield>
    <marcxml:subfield code="d">UAB</marcxml:subfield>
    <marcxml:subfield code="d">OCLCO</marcxml:subfield>
    <marcxml:subfield code="d">HUL</marcxml:subfield>
    <marcxml:subfield code="d">JTH</marcxml:subfield>
    <marcxml:subfield code="d">OCLCO</marcxml:subfield>
    <marcxml:subfield code="d">DLC</marcxml:subfield>
  </marcxml:datafield>
  <marcxml:datafield ind1=" " ind2=" " tag="042">
    <marcxml:subfield code="a">lccopycat</marcxml:subfield>
  </marcxml:datafield>
  <marcxml:datafield ind1="0" ind2="0" tag="050">
    <marcxml:subfield code="a">PZ7.1.J353</marcxml:subfield>
    <marcxml:subfield code="b">Gr 2020</marcxml:subfield>
  </marcxml:datafield>
  <marcxml:datafield ind1="0" ind2="0" tag="055">
    <marcxml:subfield code="a">PS3610.A2576</marcxml:subfield>
    <marcxml:subfield code="b">G76 2020</marcxml:subfield>
  </marcxml:datafield>
  <marcxml:datafield ind1="0" ind2="4" tag="082">
    <marcxml:subfield code="a">[Fic]</marcxml:subfield>
    <marcxml:subfield code="2">23</marcxml:subfield>
  </marcxml:datafield>
  <marcxml:datafield ind1="1" ind2=" " tag="100">
    <marcxml:subfield code="a">Jackson, Tiffany D.,</marcxml:subfield>
    <marcxml:subfield code="e">author.</marcxml:subfield>
  </marcxml:datafield>
  <marcxml:datafield ind1="1" ind2="0" tag="245">
    <marcxml:subfield code="a">Grown :</marcxml:subfield>
    <marcxml:subfield code="b">a novel /</marcxml:subfield>
    <marcxml:subfield code="c">by Tiffany D. Jackson.</marcxml:subfield>
  </marcxml:datafield>
  <marcxml:datafield ind1=" " ind2=" " tag="250">
    <marcxml:subfield code="a">First edition.</marcxml:subfield>
  </marcxml:datafield>
  <marcxml:datafield ind1=" " ind2="1" tag="264">
    <marcxml:subfield code="a">New York, NY :</marcxml:subfield>
    <marcxml:subfield code="b">Katherine Tegen Books, an imprint of HarperCollinsPublishers,</marcxml:subfield>
    <marcxml:subfield code="c">[2020]</marcxml:subfield>
  </marcxml:datafield>
  <marcxml:datafield ind1=" " ind2="4" tag="264">
    <marcxml:subfield code="c">©2020</marcxml:subfield>
  </marcxml:datafield>
  <marcxml:datafield ind1=" " ind2=" " tag="300">
    <marcxml:subfield code="a">371 pages ;</marcxml:subfield>
    <marcxml:subfield code="c">22 cm</marcxml:subfield>
  </marcxml:datafield>
  <marcxml:datafield ind1=" " ind2=" " tag="336">
    <marcxml:subfield code="a">text</marcxml:subfield>
    <marcxml:subfield code="b">txt</marcxml:subfield>
    <marcxml:subfield code="2">rdacontent</marcxml:subfield>
  </marcxml:datafield>
  <marcxml:datafield ind1=" " ind2=" " tag="337">
    <marcxml:subfield code="a">unmediated</marcxml:subfield>
    <marcxml:subfield code="b">n</marcxml:subfield>
    <marcxml:subfield code="2">rdamedia</marcxml:subfield>
  </marcxml:datafield>
  <marcxml:datafield ind1=" " ind2=" " tag="338">
    <marcxml:subfield code="a">volume</marcxml:subfield>
    <marcxml:subfield code="b">nc</marcxml:subfield>
    <marcxml:subfield code="2">rdacarrier</marcxml:subfield>
  </marcxml:datafield>
  <marcxml:datafield ind1=" " ind2=" " tag="520">
    <marcxml:subfield code="a">"When legendary R&amp;B artist Korey Fields spots Enchanted Jones at an audition, her dreams of being a famous singer take flight. Until Enchanted wakes up with blood on her hands and zero memory of the previous night. Who killed Korey Fields? Before there was a dead body, Enchanted's dreams had turned into a nightmare. Because behind Korey's charm and star power was a controlling dark side. Now he's dead, the police are at the door, and all signs point to Enchanted"--</marcxml:subfield>
    <marcxml:subfield code="c">Provided by publisher.</marcxml:subfield>
  </marcxml:datafield>
  <marcxml:datafield ind1=" " ind2="0" tag="650">
    <marcxml:subfield code="a">African American women singers</marcxml:subfield>
    <marcxml:subfield code="v">Fiction.</marcxml:subfield>
  </marcxml:datafield>
  <marcxml:datafield ind1=" " ind2="0" tag="650">
    <marcxml:subfield code="a">Rhythm and blues musicians</marcxml:subfield>
    <marcxml:subfield code="v">Fiction.</marcxml:subfield>
  </marcxml:datafield>
  <marcxml:datafield ind1=" " ind2="0" tag="650">
    <marcxml:subfield code="a">African American singers</marcxml:subfield>
    <marcxml:subfield code="v">Fiction.</marcxml:subfield>
  </marcxml:datafield>
  <marcxml:datafield ind1=" " ind2="0" tag="650">
    <marcxml:subfield code="a">Murder</marcxml:subfield>
    <marcxml:subfield code="x">Investigation</marcxml:subfield>
    <marcxml:subfield code="v">Fiction.</marcxml:subfield>
  </marcxml:datafield>
  <marcxml:datafield ind1=" " ind2="0" tag="650">
    <marcxml:subfield code="a">Abused women</marcxml:subfield>
    <marcxml:subfield code="v">Fiction.</marcxml:subfield>
  </marcxml:datafield>
  <marcxml:datafield ind1=" " ind2="0" tag="650">
    <marcxml:subfield code="a">Psychological abuse</marcxml:subfield>
    <marcxml:subfield code="v">Fiction.</marcxml:subfield>
  </marcxml:datafield>
  <marcxml:datafield ind1=" " ind2="0" tag="650">
    <marcxml:subfield code="a">Sex crimes</marcxml:subfield>
    <marcxml:subfield code="v">Fiction.</marcxml:subfield>
  </marcxml:datafield>
  <marcxml:datafield ind1=" " ind2="0" tag="650">
    <marcxml:subfield code="a">Concert tours</marcxml:subfield>
    <marcxml:subfield code="v">Fiction.</marcxml:subfield>
  </marcxml:datafield>
  <marcxml:datafield ind1=" " ind2="0" tag="650">
    <marcxml:subfield code="a">African American women singers</marcxml:subfield>
    <marcxml:subfield code="v">Juvenile fiction.</marcxml:subfield>
  </marcxml:datafield>
  <marcxml:datafield ind1=" " ind2="0" tag="650">
    <marcxml:subfield code="a">Rhythm and blues musicians</marcxml:subfield>
    <marcxml:subfield code="v">Juvenile fiction.</marcxml:subfield>
  </marcxml:datafield>
  <marcxml:datafield ind1=" " ind2="0" tag="650">
    <marcxml:subfield code="a">African American singers</marcxml:subfield>
    <marcxml:subfield code="v">Juvenile fiction.</marcxml:subfield>
  </marcxml:datafield>
  <marcxml:datafield ind1=" " ind2="0" tag="650">
    <marcxml:subfield code="a">Murder</marcxml:subfield>
    <marcxml:subfield code="x">Investigation</marcxml:subfield>
    <marcxml:subfield code="v">Juvenile fiction.</marcxml:subfield>
  </marcxml:datafield>
  <marcxml:datafield ind1=" " ind2="0" tag="650">
    <marcxml:subfield code="a">Abused women</marcxml:subfield>
    <marcxml:subfield code="v">Juvenile fiction.</marcxml:subfield>
  </marcxml:datafield>
  <marcxml:datafield ind1=" " ind2="0" tag="650">
    <marcxml:subfield code="a">Psychological abuse</marcxml:subfield>
    <marcxml:subfield code="v">Juvenile fiction.</marcxml:subfield>
  </marcxml:datafield>
  <marcxml:datafield ind1=" " ind2="0" tag="650">
    <marcxml:subfield code="a">Sex crimes</marcxml:subfield>
    <marcxml:subfield code="v">Juvenile fiction.</marcxml:subfield>
  </marcxml:datafield>
  <marcxml:datafield ind1=" " ind2="0" tag="650">
    <marcxml:subfield code="a">Concert tours</marcxml:subfield>
    <marcxml:subfield code="v">Juvenile fiction.</marcxml:subfield>
  </marcxml:datafield>
  <marcxml:datafield ind1=" " ind2="0" tag="650">
    <marcxml:subfield code="a">Young adult fiction.</marcxml:subfield>
  </marcxml:datafield>
  <marcxml:datafield ind1=" " ind2="0" tag="655">
    <marcxml:subfield code="a">Young adult fiction.</marcxml:subfield>
  </marcxml:datafield>
  <marcxml:datafield ind1=" " ind2="1" tag="650">
    <marcxml:subfield code="a">African American women singers</marcxml:subfield>
    <marcxml:subfield code="v">Fiction.</marcxml:subfield>
  </marcxml:datafield>
  <marcxml:datafield ind1=" " ind2="1" tag="650">
    <marcxml:subfield code="a">Rhythm and blues musicians</marcxml:subfield>
    <marcxml:subfield code="v">Fiction.</marcxml:subfield>
  </marcxml:datafield>
  <marcxml:datafield ind1=" " ind2="1" tag="650">
    <marcxml:subfield code="a">African American singers</marcxml:subfield>
    <marcxml:subfield code="v">Fiction.</marcxml:subfield>
  </marcxml:datafield>
  <marcxml:datafield ind1=" " ind2="1" tag="650">
    <marcxml:subfield code="a">Murder</marcxml:subfield>
    <marcxml:subfield code="x">Investigation</marcxml:subfield>
    <marcxml:subfield code="v">Fiction.</marcxml:subfield>
  </marcxml:datafield>
  <marcxml:datafield ind1=" " ind2="1" tag="650">
    <marcxml:subfield code="a">Abused women</marcxml:subfield>
    <marcxml:subfield code="v">Fiction.</marcxml:subfield>
  </marcxml:datafield>
  <marcxml:datafield ind1=" " ind2="1" tag="650">
    <marcxml:subfield code="a">Psychological abuse</marcxml:subfield>
    <marcxml:subfield code="v">Fiction.</marcxml:subfield>
  </marcxml:datafield>
  <marcxml:datafield ind1=" " ind2="1" tag="650">
    <marcxml:subfield code="a">Sexual abuse</marcxml:subfield>
    <marcxml:subfield code="v">Fiction.</marcxml:subfield>
  </marcxml:datafield>
  <marcxml:datafield ind1=" " ind2="1" tag="650">
    <marcxml:subfield code="a">Concert tours</marcxml:subfield>
    <marcxml:subfield code="v">Fiction.</marcxml:subfield>
  </marcxml:datafield>
  <marcxml:datafield ind1=" " ind2="7" tag="650">
    <marcxml:subfield code="a">Abused women</marcxml:subfield>
    <marcxml:subfield code="2">fast</marcxml:subfield>
    <marcxml:subfield code="0">(OCoLC)fst00794870</marcxml:subfield>
  </marcxml:datafield>
  <marcxml:datafield ind1=" " ind2="7" tag="650">
    <marcxml:subfield code="a">African American singers</marcxml:subfield>
    <marcxml:subfield code="2">fast</marcxml:subfield>
    <marcxml:subfield code="0">(OCoLC)fst00799357</marcxml:subfield>
  </marcxml:datafield>
  <marcxml:datafield ind1=" " ind2="7" tag="650">
    <marcxml:subfield code="a">African American women singers</marcxml:subfield>
    <marcxml:subfield code="2">fast</marcxml:subfield>
    <marcxml:subfield code="0">(OCoLC)fst00799524</marcxml:subfield>
  </marcxml:datafield>
  <marcxml:datafield ind1=" " ind2="7" tag="650">
    <marcxml:subfield code="a">Concert tours</marcxml:subfield>
    <marcxml:subfield code="2">fast</marcxml:subfield>
    <marcxml:subfield code="0">(OCoLC)fst00872992</marcxml:subfield>
  </marcxml:datafield>
  <marcxml:datafield ind1=" " ind2="7" tag="650">
    <marcxml:subfield code="a">Murder</marcxml:subfield>
    <marcxml:subfield code="x">Investigation</marcxml:subfield>
    <marcxml:subfield code="2">fast</marcxml:subfield>
    <marcxml:subfield code="0">(OCoLC)fst01029788</marcxml:subfield>
  </marcxml:datafield>
  <marcxml:datafield ind1=" " ind2="7" tag="650">
    <marcxml:subfield code="a">Psychological abuse</marcxml:subfield>
    <marcxml:subfield code="2">fast</marcxml:subfield>
    <marcxml:subfield code="0">(OCoLC)fst01081335</marcxml:subfield>
  </marcxml:datafield>
  <marcxml:datafield ind1=" " ind2="7" tag="650">
    <marcxml:subfield code="a">Rhythm and blues musicians</marcxml:subfield>
    <marcxml:subfield code="2">fast</marcxml:subfield>
    <marcxml:subfield code="0">(OCoLC)fst01097285</marcxml:subfield>
  </marcxml:datafield>
  <marcxml:datafield ind1=" " ind2="7" tag="650">
    <marcxml:subfield code="a">Sex crimes</marcxml:subfield>
    <marcxml:subfield code="2">fast</marcxml:subfield>
    <marcxml:subfield code="0">(OCoLC)fst01114275</marcxml:subfield>
  </marcxml:datafield>
  <marcxml:datafield ind1=" " ind2="7" tag="650">
    <marcxml:subfield code="a">Young adult fiction</marcxml:subfield>
    <marcxml:subfield code="2">fast</marcxml:subfield>
    <marcxml:subfield code="0">(OCoLC)fst01183080</marcxml:subfield>
  </marcxml:datafield>
  <marcxml:datafield ind1=" " ind2="7" tag="655">
    <marcxml:subfield code="a">Detective and mystery fiction</marcxml:subfield>
    <marcxml:subfield code="2">fast</marcxml:subfield>
    <marcxml:subfield code="0">(OCoLC)fst01726581</marcxml:subfield>
  </marcxml:datafield>
  <marcxml:datafield ind1=" " ind2="7" tag="655">
    <marcxml:subfield code="a">Fiction</marcxml:subfield>
    <marcxml:subfield code="2">fast</marcxml:subfield>
    <marcxml:subfield code="0">(OCoLC)fst01423787</marcxml:subfield>
  </marcxml:datafield>
  <marcxml:datafield ind1=" " ind2="7" tag="655">
    <marcxml:subfield code="a">Psychological fiction</marcxml:subfield>
    <marcxml:subfield code="2">fast</marcxml:subfield>
    <marcxml:subfield code="0">(OCoLC)fst01726481</marcxml:subfield>
  </marcxml:datafield>
  <marcxml:datafield ind1=" " ind2="7" tag="655">
    <marcxml:subfield code="a">Young adult works</marcxml:subfield>
    <marcxml:subfield code="2">fast</marcxml:subfield>
    <marcxml:subfield code="0">(OCoLC)fst01726790</marcxml:subfield>
  </marcxml:datafield>
  <marcxml:datafield ind1=" " ind2="7" tag="655">
    <marcxml:subfield code="a">Mystery fiction.</marcxml:subfield>
    <marcxml:subfield code="2">gsafd</marcxml:subfield>
  </marcxml:datafield>
  <marcxml:datafield ind1=" " ind2="7" tag="655">
    <marcxml:subfield code="a">Psychological fiction.</marcxml:subfield>
    <marcxml:subfield code="2">gsafd</marcxml:subfield>
  </marcxml:datafield>
  <marcxml:datafield ind1=" " ind2="7" tag="655">
    <marcxml:subfield code="a">Young adult fiction.</marcxml:subfield>
    <marcxml:subfield code="2">gsafd</marcxml:subfield>
  </marcxml:datafield>
  <marcxml:datafield ind1=" " ind2="7" tag="655">
    <marcxml:subfield code="a">Detective and mystery fiction.</marcxml:subfield>
    <marcxml:subfield code="2">lcgft</marcxml:subfield>
  </marcxml:datafield>
  <marcxml:datafield ind1=" " ind2="7" tag="655">
    <marcxml:subfield code="a">Psychological fiction.</marcxml:subfield>
    <marcxml:subfield code="2">lcgft</marcxml:subfield>
  </marcxml:datafield>
  <marcxml:datafield ind1=" " ind2="7" tag="650">
    <marcxml:subfield code="a">African American women singers</marcxml:subfield>
    <marcxml:subfield code="v">Juvenile fiction.</marcxml:subfield>
    <marcxml:subfield code="2">sears</marcxml:subfield>
  </marcxml:datafield>
  <marcxml:datafield ind1=" " ind2="7" tag="650">
    <marcxml:subfield code="a">Rhythm and blues musicians</marcxml:subfield>
    <marcxml:subfield code="v">Juvenile fiction.</marcxml:subfield>
    <marcxml:subfield code="2">sears</marcxml:subfield>
  </marcxml:datafield>
  <marcxml:datafield ind1=" " ind2="7" tag="650">
    <marcxml:subfield code="a">African American singers</marcxml:subfield>
    <marcxml:subfield code="v">Juvenile fiction.</marcxml:subfield>
    <marcxml:subfield code="2">sears</marcxml:subfield>
  </marcxml:datafield>
  <marcxml:datafield ind1=" " ind2="7" tag="650">
    <marcxml:subfield code="a">Homicide</marcxml:subfield>
    <marcxml:subfield code="v">Juvenile fiction.</marcxml:subfield>
    <marcxml:subfield code="2">sears</marcxml:subfield>
  </marcxml:datafield>
  <marcxml:datafield ind1=" " ind2="7" tag="650">
    <marcxml:subfield code="a">Abused women</marcxml:subfield>
    <marcxml:subfield code="v">Juvenile fiction.</marcxml:subfield>
    <marcxml:subfield code="2">sears</marcxml:subfield>
  </marcxml:datafield>
  <marcxml:datafield ind1=" " ind2="7" tag="650">
    <marcxml:subfield code="a">Psychological abuse</marcxml:subfield>
    <marcxml:subfield code="v">Juvenile fiction.</marcxml:subfield>
    <marcxml:subfield code="2">sears</marcxml:subfield>
  </marcxml:datafield>
  <marcxml:datafield ind1=" " ind2="7" tag="650">
    <marcxml:subfield code="a">Sex crimes</marcxml:subfield>
    <marcxml:subfield code="v">Juvenile fiction.</marcxml:subfield>
    <marcxml:subfield code="2">sears</marcxml:subfield>
  </marcxml:datafield>
  <marcxml:datafield ind1=" " ind2="7" tag="650">
    <marcxml:subfield code="a">Concerts</marcxml:subfield>
    <marcxml:subfield code="v">Juvenile fiction.</marcxml:subfield>
    <marcxml:subfield code="2">sears</marcxml:subfield>
  </marcxml:datafield>
  <marcxml:datafield ind1=" " ind2="7" tag="650">
    <marcxml:subfield code="a">African American women singers</marcxml:subfield>
    <marcxml:subfield code="v">Fiction.</marcxml:subfield>
    <marcxml:subfield code="2">sears</marcxml:subfield>
  </marcxml:datafield>
  <marcxml:datafield ind1=" " ind2="7" tag="650">
    <marcxml:subfield code="a">Rhythm and blues musicians</marcxml:subfield>
    <marcxml:subfield code="v">Fiction.</marcxml:subfield>
    <marcxml:subfield code="2">sears</marcxml:subfield>
  </marcxml:datafield>
  <marcxml:datafield ind1=" " ind2="7" tag="650">
    <marcxml:subfield code="a">African American singers</marcxml:subfield>
    <marcxml:subfield code="v">Fiction.</marcxml:subfield>
    <marcxml:subfield code="2">sears</marcxml:subfield>
  </marcxml:datafield>
  <marcxml:datafield ind1=" " ind2="7" tag="650">
    <marcxml:subfield code="a">Homicide</marcxml:subfield>
    <marcxml:subfield code="v">Fiction.</marcxml:subfield>
    <marcxml:subfield code="2">sears</marcxml:subfield>
  </marcxml:datafield>
  <marcxml:datafield ind1=" " ind2="7" tag="650">
    <marcxml:subfield code="a">Abused women</marcxml:subfield>
    <marcxml:subfield code="v">Fiction.</marcxml:subfield>
    <marcxml:subfield code="2">sears</marcxml:subfield>
  </marcxml:datafield>
  <marcxml:datafield ind1=" " ind2="7" tag="650">
    <marcxml:subfield code="a">Psychological abuse</marcxml:subfield>
    <marcxml:subfield code="v">Fiction.</marcxml:subfield>
    <marcxml:subfield code="2">sears</marcxml:subfield>
  </marcxml:datafield>
  <marcxml:datafield ind1=" " ind2="7" tag="650">
    <marcxml:subfield code="a">Sex crimes</marcxml:subfield>
    <marcxml:subfield code="v">Fiction.</marcxml:subfield>
    <marcxml:subfield code="2">sears</marcxml:subfield>
  </marcxml:datafield>
  <marcxml:datafield ind1=" " ind2="7" tag="650">
    <marcxml:subfield code="a">Concerts</marcxml:subfield>
    <marcxml:subfield code="v">Fiction.</marcxml:subfield>
    <marcxml:subfield code="2">sears</marcxml:subfield>
  </marcxml:datafield>
</marcxml:record>
